@online{install-dotnet-windows,
	author = "Microsoft Learn közreműködői",
	title = "Install .NET on Windows",
	url = "https://learn.microsoft.com/en-us/dotnet/core/install/windows",
	addendum = "2024. 05. 14."
}

@online{install-dotnet-mac,
	author = "Microsoft Learn közreműködői",
	title = "Install .NET on macOS",
	addendum = "2024. 05. 14.",
	url = "https://learn.microsoft.com/en-us/dotnet/core/install/macos",
}

@online{install-dotnet-linux,
	author = "Microsoft Learn közreműködői",
	title = "Install .NET on Linux",
	addendum = "2024. 05. 25.",
	url = "https://learn.microsoft.com/en-us/dotnet/core/install/linux"
}

@online{sqlserver-requirements,
	author = "Microsoft Learn közreműködői",
	title = "SQL Server 2022: Hardware and software requirements",
	addendum = "2023. 11. 28.",
	url = "https://learn.microsoft.com/en-us/sql/sql-server/install/hardware-and-software-requirements-for-installing-sql-server-2022"
}

@online{chrome-requirements,
	author = "Microsoft Learn közreműködői",
	title = "Chrome browser system requirements",
	addendum = "2023. 02. 21.",
	url = "https://support.google.com/chrome/a/answer/7100626"
}

@online{aspnet-overview,
	author = "Microsoft Learn közreműködői",
	title = "Overview of ASP.NET Core MVC",
	addendum = "2023. 09. 26.",
	url = "https://learn.microsoft.com/en-us/aspnet/core/mvc/overview"
}

@online{javascript-overview,
	author = "MDN közreműködői",
	title = "JavaScript language overview",
	addendum = "2023. 11. 15.",
	url = "https://developer.mozilla.org/en-US/docs/Web/JavaScript/Language_overview"
}

@online{openlayers-concepts,
	title = "Openlayers' Basic Concepts",
	url = "https://openlayers.org/doc/tutorials/concepts.html"
}

@online{bootstrap-introduction,
	title = "Get started with Bootstrap",
	url = "https://getbootstrap.com/docs/5.3/getting-started/introduction/"
}

@online{mvc-behavior,
	author = "Cserép Máté András",
	title = "Webfejlesztés MVC architektúrában (ASP.NET Core)",
	addendum = "2022. 03. 30.",
	url = "https://mcserep.web.elte.hu/data/education/2021-2022-2_WAF/elte_waf_ea02.pdf"
}

@online{ef-behavior,
	author = "Cserép Máté András",
	title = "Objektumrelációs adatkezelés (Entity Framework Core)",
	addendum = "2022. 03. 30.",
	url = "https://mcserep.web.elte.hu/data/education/2021-2022-2_WAF/elte_waf_ea02.pdf"
}

@online{dependency-injection,
	author = "Microsoft Learn közreműködői",
	title = "Dependency injection in ASP.NET Core",
	addendum = "2023. 11. 07.",
	url = "https://learn.microsoft.com/en-us/aspnet/core/fundamentals/dependency-injection"
}

@online{publish-aspnet-on-azure,
	author = "Microsoft Learn közreműködői",
	title = "Publish an ASP.NET Core app to Azure with Visual Studio",
	addendum = "2023. 11. 01.",
	url = "https://learn.microsoft.com/en-us/aspnet/core/tutorials/publish-to-azure-webapp-using-vs"
}

@online{xml-documentation,
author = "Microsoft Learn közreműködői",
title = "Documentation comments",
addendum = "2023. 06. 15.",
url = "https://learn.microsoft.com/en-us/dotnet/csharp/language-reference/xmldoc/"
}

@online{xunit-overview,
author = "Microsoft Learn közreműködői",
title = "Unit testing CSharp in .NET using dotnet test and xUnit",
addendum = "2024. 03. 07.",
url = "https://learn.microsoft.com/en-us/dotnet/core/testing/unit-testing-with-dotnet-test"
}